@misc{pilot-pubs,
title="{Publications from \dell 1$^{\rm st}$ Pilot}",
howpublished={\newline 
\url{https://wiki.neic.no/wiki/Dellingr_Publications_1st_Pilot}\EatDot}
}
}

@misc{science-domains,
title="{OECD Science Domains}",
howpublished={\newline 
\url{https://en.m.wikipedia.org/wiki/Fields_of_Science_and_Technology}\EatDot}
}}

@misc{jira,
title="{Atlassian Jira}",
howpublished={\newline 
\url{https://www.atlassian.com/software/jira}\EatDot}
}}

@misc{dellingr-landing,
title="{Dellingr public project page}",
howpublished={\newline 
\url{https://dellingr.neic.no/}\EatDot}
}}

@misc{csc-service-desk,
title="{CSC Service Desk}",
howpublished={\newline 
\url{https://research.csc.fi/support-and-training}\EatDot}
}}

@misc{supr,
title="{SUPR - SNIC User and Project Repository}",
howpublished={\newline 
\url{https://supr.snic.se/}\EatDot}
}}


@misc{dellingr-p2-do5,
title="{Dellingr DO5: Resource exchange implementation and agreement}",
howpublished={\newline 
\url{https://wiki.neic.no/wiki/Dellingr#DO5_Resource_exchange_implementation_and_agreement}\EatDot}
}}

@misc{swamid-level-2,
title="{SWAMID Level 2 Assurance}",
howpublished={\newline 
\url{https://www.sunet.se/swamid/policy/al2/}\EatDot}
}}

@misc{indico-iam,
title="{Indico IAM}",
howpublished={\newline 
\url{https://www.indigo-datacloud.eu/identity-and-access-management}\EatDot}
}}

@misc{grouper,
title="{Grouper}",
howpublished={\newline 
\url{https://www.internet2.edu/products-services/trust-identity/grouper/}\EatDot}
}}

@misc{eduteams,
title="{G\'{E}ANT eduTEAMS}",
howpublished={\newline 
\url{https://www.geant.org/Services/Trust_identity_and_security/Pages/eduTEAMS.aspx}\EatDot}
}}

@misc{gdpr,
title="{EU GDPR}",
howpublished={\newline 
\url{https://eugdpr.org/}\EatDot}
}}

@misc{nis-directive,
title="{The Directive on security of network and information systems}",
howpublished={\newline 
\url{https://ec.europa.eu/digital-single-market/en/network-and-information-security-nis-directive}\EatDot}
}

@misc{perun,
title="{CESNET Perun}",
howpublished={\newline 
\url{https://perun-aai.org/}\EatDot}
}}

@misc{virtu,
title="{VIRTU (in Finnish)}",
howpublished={\newline 
\url{https://wiki.eduuni.fi/display/CSCVIRTU/Virtu}\EatDot}
}

@misc{taat,
title="{Estonian Academic Authentication and Authorization Infrastructure (TAAT)}",
howpublished={\newline 
\url{https://taat.edu.ee/main/about/?lang=en}\EatDot}
}

@misc{kalmar-two,
title="{KALMAR2 e-identity Union}",
howpublished={\newline 
\url{https://www.kalmar2.org}\EatDot}
}

@misc{slurm,
title="{Slurm workload manager software}",
howpublished={\newline 
\url{https://www.schedmd.com/}\EatDot}
}

@misc{dell-pilot-accounting,
title="{\dell first pilot applications}",
howpublished={\newline 
\url{https://wiki.neic.no/int/Dellingr_Pilot_Applications}\EatDot}
}

@misc{eidas,
title="{electronic Identification Authentication and trust Services: eIDAS}",
howpublished={\newline 
\url{https://ec.europa.eu/digital-single-market/en/trust-services-and-eid}\EatDot}
}

@misc{myacademicid,
title="{MyAcademicID Project}",
howpublished={\newline 
\url{https://uni-foundation.eu/european-university-foundation/projects/myacademicid}\EatDot}
}
@misc{openidconnect,
title="{OpenID Connect}",
howpublished={\newline 
\url{https://openid.net/connect/}\EatDot}
}

@misc{oauth2,
title="{OAuth 2.0}",
howpublished={\newline 
\url{https://oauth.net/2/}\EatDot}
}

@misc{saml,
title="{Security Assertion Markup Language}",
howpublished={\newline 
\url{https://en.wikipedia.org/wiki/SAML}\EatDot}
}

@misc{wayf,
title="{Where Are You From}",
howpublished={\newline 
\url{https://wayf.dk/en/about}\EatDot}
}

@misc{kalmar2,
title="{Kalmar2 metadata service}",
howpublished={\newline 
\url{https://www.kalmar2.org/kalmar2web/front_page.html}\EatDot}
}

@misc{geant,
title="{The GEANT Project}",
howpublished={\newline 
\url{https://www.geant.org/}\EatDot}
}

@misc{edugain,
title="{eduGAIN - enabling worldwide access}",
howpublished={\newline 
\url{https://www.edugain.org/}\EatDot}
}

@misc{eduroam,
title="{eduROAM}",
howpublished={\newline 
\url{https://www.eduroam.org/}\EatDot}
}

@misc{swamid,
   title="{SWAMID Swedish Academic Identity Federation}",
   howpublished={\newline \url{https://wiki.sunet.se/display/SWAMID/SWAMID+Wiki}\EatDot}
}

@misc{aurora,
   title="{Aurora computing cluster}",
   howpublished={\newline \url{http://www.lunarc.lu.se/resources/hardware/aurora/}\EatDot}
}
@misc{snic,
   title="{Swedish National Infrastructure for Computing}",
   howpublished={\newline \url{https://www.snic.se/about/}\EatDot}
}


@misc{mas,
title="{Metacenter Administration System}",
howpublished={\newline \url{https://www.metacenter.no/mas/}\EatDot}
}

@misc{feide,
title="{Feide Identity Federation}",
howpublished={\newline \url{https://www.feide.no/introducing-feide}\EatDot}
}

@misc{nird,
title="{National Infrastructure for Research Data}",
howpublished={\newline \url{https://documentation.sigma2.no/storage/nird.html}\EatDot}}

@misc{uninett-sigma2,
title="{Uninett Sigma2}",
howpublished={\newline \url{https://www.uninett.no/en/sigma}\EatDot}
}

@misc{garpur,
   title="{Garpur}",
   howpublished={\newline \url{http://ihpc.is/garpur/}\EatDot}
}

@misc{haka,
   title="{Haka Federation}",
   howpublished={\newline \url{https://wiki.eduuni.fi/display/CSCHAKA/Federation}\EatDot}
}

@misc{metcoop,
   title="{Meteorological Co-operation on Operational Numerical Weather Prediction}",
   howpublished={\newline \url{http://metcoop.org/}\EatDot}
}
@misc{csc-taito,
   title="{CSC: Taito Cluster}",
   howpublished={\newline \url{https://research.csc.fi/taito-supercluster}\EatDot}
}
@misc{geant,
    title="{Assessment of DP Legislation Implications}",
    howpublished={\newline
    \url{https://www.geant.org/Projects/GEANT_Project_GN4/deliverables/M9-2_Assessment-of-DP-Legislation-Implications.pdf}\EatDot}
}
@misc{csc,
   title="{CSC: Center for Scientific Computing}",
   howpublished={\newline \url{https://www.csc.fi/}\EatDot}
}

@misc{computerome,
   title="{Computerome: National Life Science Supercomputing Center}",
   howpublished={\newline \url{http://www.computerome.dtu.dk/}\EatDot}
}

@misc{abacus,
   title="{DeiC National HPC Center, SDU}",
   howpublished={\newline \url{https://escience.sdu.dk/}\EatDot}
}

@misc{prace-aisbl,
   title="{PRACE-4IP Deliverable 2.1 section 2.2.3 et al}",
   howpublished={\newline \url{http://www.prace-ri.eu/IMG/pdf/D2.1_4ip.pdf}\EatDot}
}

@misc{aisbl,
   title="{AISBL: Lâ€™association internationale sans but lucratif}",
   howpublished={\newline \url{https://justice.belgium.be/fr/themes_et_dossiers/societes_associations_et_fondations/associations/aisbl}\EatDot}
}

@misc{etais,
   title="{ETAIS Estonian Scientific Computing Infrastructure}",
   howpublished={\newline \url{https://etais.ee}\EatDot}
}

@misc{etais-rocket,
   title="{ETAIS Rocket}",
   howpublished={\newline \url{https://etais.ee/resources_ut}\EatDot}
}

@misc{typeform-page,
   title="{Typeform}",
   howpublished={\newline \url{https://www.typeform.com/}\EatDot}
}

@misc{dell-pp,
   title="{NeIC Dellingr Project Plan}",
   howpublished={\newline \url{https://wiki.neic.no/wiki/Dellingr#Project_Plan}\EatDot}
}

@misc{Dellingr_Second_Pilot_Proposal,
   title="{Dellingr Second Pilot Proposal by Dellingr Project Group, 18.06.2018}",
   howpublished={\newline \url{https://wiki.neic.no/w/int/img_auth.php/6/67/DellingrSecondPilot_v1.pdf}\EatDot}
}

@misc{dellingr_platform,
   title="{Dellingr Second Pilot: Getting resources}",
   howpublished={\newline \url{https://dellingr.neic.no/apply/}\EatDot}
}

@misc{prace,
   title="{PRACE}",
   howpublished={\newline \url{http://www.prace-ri.eu/}\EatDot}
}

@misc{prace-ueabs,
   title="{Unified European Application Benchmark Suite}",
   howpublished={\newline \url{http://www.prace-ri.eu/ueabs/}\EatDot}
}

@misc{linpack,
   title="{\Lin benchmark}",
   howpublished={\newline \url{https://top500.org/project/linpack/}\EatDot}}

@misc{jube,
   title="{Juelich Benchmarking Environment}",
   howpublished={\newline \url{http://www.fzjuelich.de/ias/jsc/EN/Expertise/Support/Software/JUBE/_node.html}\EatDot}
}

@misc{csc-pricing,
   title="{CSC non-academic pricing}",
   howpublished={\newline \url{https://research.csc.fi/pricing-of-computing-services}\EatDot}
}

@misc{oecd,
   title="{OECD data}",
   howpublished={\newline \url{https://data.oecd.org/}\EatDot}
}

@misc{waldur,
   title="{Waldur cloud brokerage}",
   howpublished={\newline \url{https://waldur.com/}\EatDot}
}

@misc{dellingr-p1-do1,
   title="{Dellingr Phase 1 Deliverable 1}",
   howpublished={\newline \url{https://wiki.neic.no/wiki/Dellingr#DO1}\EatDot}
}

@misc{dellingr-p1-do2,
   title="{Dellingr Phase 1 Deliverable 2}",
   howpublished={\newline \url{https://wiki.neic.no/wiki/Dellingr#DO2}\EatDot}
}

@misc{dellingr-p1-do3,
   title="{Dellingr Phase 1 Deliverable 3}",
   howpublished={\newline \url{https://wiki.neic.no/wiki/Dellingr#DO3}\EatDot}
}

@misc{neic-dellingr-home,
   title="{NeIC Dellingr Welcome page}",
   howpublished={\newline \url{https://dellingr.neic.no/}\EatDot}
}
